<?xml version="1.0" encoding="UTF-8"?>
<record xmlns="http://www.loc.gov/MARC21/slim">
   <leader>02558cam a2200433 a 4500</leader>
   <controlfield tag="001">399738</controlfield>
   <controlfield tag="003">NjP</controlfield>
   <controlfield tag="005">20190705140510.0</controlfield>
   <controlfield tag="008">870924q19801987ir            001 0cara d</controlfield>
   <datafield tag="024" ind1="7" ind2=" ">
      <subfield code="a">princeton_aco003911</subfield>
      <subfield code="2">local</subfield>
   </datafield>
   <datafield ind1=" " ind2=" " tag="035">
      <subfield code="a">(CStRLIN)NJPG87-B46865</subfield>
   </datafield>
   <datafield ind1=" " ind2=" " tag="035">
      <subfield code="9">ABX5234TS</subfield>
   </datafield>
   <datafield ind1=" " ind2=" " tag="035">
      <subfield code="a">(NjP)399738</subfield>
   </datafield>
   <datafield ind1=" " ind2=" " tag="040">
      <subfield code="a">NjP</subfield>
      <subfield code="c">PUL</subfield>
      <subfield code="d">PUL</subfield>
   </datafield>
   <datafield ind1="0" ind2=" " tag="041">
      <subfield code="a">araper</subfield>
   </datafield>
   <datafield ind1=" " ind2=" " tag="049">
      <subfield code="a">PULL</subfield>
   </datafield>
   <datafield ind1=" " ind2=" " tag="035">
      <subfield code="a">(OCoLC)ocm26580099</subfield>
   </datafield>
   <datafield ind1="1" ind2=" " tag="100">
      <subfield code="6">880-01</subfield>
      <subfield code="a">Kashmīrī, Muḥammad ʻAlī,</subfield>
      <subfield code="d">1844-1891 or 1892.</subfield>
      <subfield code="0">http://id.loc.gov/authorities/names/nr89008928</subfield>
   </datafield>
   <datafield ind1="1" ind2="0" tag="240">
      <subfield code="6">880-02</subfield>
      <subfield code="a">Nujūm al-samāʼ fī tarājim al-ʻulamāʼ</subfield>
   </datafield>
   <datafield ind1="1" ind2="0" tag="245">
      <subfield code="6">880-03</subfield>
      <subfield code="a">Kitāb nujūm al-samāʼ fī tarājim al-ʻulamāʼ /</subfield>
      <subfield code="c">lil-ʻallāmah Muḥammad ʻAlī al-Kashmīrī. Maʻa Risālat nibrās al-nūr wa-al-ḍiyāʼ fī tarjamat muʼallif Nujūm al-samāʼ / lil-ʻallāmah Shihāb al-Dīn al-Ḥusaynī al-Marʻashī al-Najafī.</subfield>
   </datafield>
   <datafield ind1=" " ind2=" " tag="260">
      <subfield code="6">880-04</subfield>
      <subfield code="a">Qum :</subfield>
      <subfield code="b">Maktabat Baṣīratī,</subfield>
      <subfield code="c">[198-?]</subfield>
   </datafield>
   <datafield ind1=" " ind2=" " tag="300">
      <subfield code="a">9, 424, 16 p. ;</subfield>
      <subfield code="c">25 cm.</subfield>
   </datafield>
   <datafield ind1=" " ind2=" " tag="500">
      <subfield code="a">Includes index.</subfield>
   </datafield>
   <datafield ind1=" " ind2=" " tag="500">
      <subfield code="a">Arabic and Persian.</subfield>
   </datafield>
   <datafield ind1=" " ind2="0" tag="650">
      <subfield code="a">Scholars, Muslim</subfield>
      <subfield code="x">Biography.</subfield>
   </datafield>
   <datafield ind1="1" ind2="2" tag="700">
      <subfield code="6">880-05</subfield>
      <subfield code="a">Marʻashī Najafī, Shihāb al-Dīn.</subfield>
      <subfield code="t">Risālat nibrās al-nūr wa-al-ḍiyāʼ fī tarjamat muʼallif Nujūm al-samāʼ.</subfield>
      <subfield code="f">1980.</subfield>
   </datafield>
   <datafield ind1="0" ind2=" " tag="740">
      <subfield code="6">880-06</subfield>
      <subfield code="a">Risālat nibrās al-nūr wa-al-ḍiyāʼ fī tarjamat muʼallif Nujūm al-samāʼ.</subfield>
   </datafield>
   <datafield ind1="0" ind2=" " tag="740">
      <subfield code="6">880-07</subfield>
      <subfield code="a">Nujūm al-samāʼ fī tarājim al-ʻulamāʼ.</subfield>
   </datafield>
   <datafield ind1="1" ind2=" " tag="880">
      <subfield code="6">100-01/r</subfield>
      <subfield code="a">كشميري، محمد علي،</subfield>
      <subfield code="d">1844-1891 or 1892.</subfield>
   </datafield>
   <datafield ind1="1" ind2="0" tag="880">
      <subfield code="6">240-02/r</subfield>
      <subfield code="a">نجوم السماء في تراجم العلماء</subfield>
   </datafield>
   <datafield ind1="1" ind2="0" tag="880">
      <subfield code="6">245-03/r</subfield>
      <subfield code="a">كتاب نجوم السماء في تراجم العلماء /</subfield>
      <subfield code="c">للعلامة محمد علي الكشميري. مع رسالة نبراس النور والضياء في ترجمة مؤلف نجوم السماء / للعلامة شهاب الدين الحسيني المرعشي النجفي.</subfield>
   </datafield>
   <datafield ind1=" " ind2=" " tag="880">
      <subfield code="6">260-04/r</subfield>
      <subfield code="a">قم :</subfield>
      <subfield code="b">مكتبة بصيرتي،</subfield>
      <subfield code="c">[198-؟]</subfield>
   </datafield>
   <datafield ind1="1" ind2="2" tag="880">
      <subfield code="6">700-05/r</subfield>
      <subfield code="a">مرعشي نجفي، شهاب الدين.</subfield>
      <subfield code="t">رسالة نبراس النور والضياء في ترجمة مؤلف نجوم السماء.</subfield>
      <subfield code="f">1980.</subfield>
   </datafield>
   <datafield ind1="0" ind2=" " tag="880">
      <subfield code="6">740-06/r</subfield>
      <subfield code="a">رسالة نبراس النور والضياء في ترجمة مؤلف نجوم السماء.</subfield>
   </datafield>
   <datafield ind1="0" ind2=" " tag="880">
      <subfield code="6">740-07/r</subfield>
      <subfield code="a">نجوم السماء في تراجم العلماء.</subfield>
   </datafield>
   <datafield ind1=" " ind2=" " tag="998">
      <subfield code="a">08/23/93</subfield>
      <subfield code="s">9118</subfield>
      <subfield code="n">NjP</subfield>
      <subfield code="w">NYPN92B2274</subfield>
      <subfield code="d">09/24/87</subfield>
      <subfield code="c">KVV</subfield>
      <subfield code="b">ZLO</subfield>
      <subfield code="i">930823</subfield>
      <subfield code="l">NJPG</subfield>
   </datafield>
   <datafield ind1=" " ind2=" " tag="911">
      <subfield code="a">19930909</subfield>
   </datafield>
   <datafield ind1=" " ind2=" " tag="912">
      <subfield code="a">19930823000000.0</subfield>
   </datafield>
   <datafield ind1=" " ind2=" " tag="994">
      <subfield code="a">C0</subfield>
      <subfield code="b">PUL</subfield>
   </datafield>
   <datafield ind1=" " ind2=" " tag="999">
      <subfield code="a">399738</subfield>
   </datafield>
   <datafield ind1=" " ind2=" " tag="979">
      <subfield code="a">(OCoLC)ocn175640598</subfield>
   </datafield>
   <datafield ind1="0" ind2="0" tag="852">
      <subfield code="0">435835</subfield>
      <subfield code="b">nec</subfield>
      <subfield code="t">1</subfield>
      <subfield code="h">BP80</subfield>
      <subfield code="i">.K37</subfield>
   </datafield>
   <datafield ind1="0" ind2="0" tag="852">
      <subfield code="0">435836</subfield>
      <subfield code="b">rcppa</subfield>
      <subfield code="t">1</subfield>
      <subfield code="h">BP80</subfield>
      <subfield code="i">.K37</subfield>
      <subfield code="x">tr fr anxafst</subfield>
   </datafield>
   <datafield ind1=" " ind2=" " tag="959">
      <subfield code="a">2000-06-13 00:00:00 -0400</subfield>
   </datafield>
</record>
